@article{lptech4mas-jaamas2020,
	Author = {Calegari, Roberta and Ciatto, Giovanni and Mascardi, Viviana and Omicini, Andrea},
	Editor = {Bergenti, Federico and Baldoni, Matteo and Winikoff, Michael and Seghrouchni, Amal El Fallah},
	Journal = {Autonomous Agents and Multi-Agent Systems},
	Keywords = {SLR; Logic-based Technologies; MAS},
	Note = {Special Issue ``Current Trends in Research on Software Agents and Agent-Based Software Development''},
	Title = {Logic-based Technologies for Multi-agent Systems: A Systematic Literature Review},
	Year = {In press}}

@article{xaisurvey-ia2020,
	Author = {Calegari, Roberta and Ciatto, Giovanni and Omicini, Andrea},
	Doi = {10.3233/IA-190036},
	Journal = {Intelligenza Artificiale},
	Keywords = {XAI, symbolic and sub-symbolic AI, explainability, interpretability, trustable system},
	Title = {On the integration of symbolic and sub-symbolic techniques for {XAI}: A survey},
	Year = {In press}}

@inproceedings{tusow-icccn2019,
	Address = {Valencia, Spain},
	Author = {Ciatto, Giovanni and Rizzato, Lorenzo and Omicini, Andrea and Mariani, Stefano},
	Booktitle = {The 28th International Conference on Computer Communications and Networks (ICCCN 2019)},
	Doi = {10.1109/ICCCN.2019.8846916},
	IrisId = {11585/695576},
	IeeeNo = {8846916},
	Isbn = {978-1-7281-1856-7},
	Isbn-Usb = {978-1-7281-1855-0},
	Issn = {2637-9430},
	Keywords = {TuSoW, edge computing, coordination, tuple spaces, LINDA, Web of Things},
	Month = {29~} # jul # {--1~} # aug,
	Publisher = "IEEE",
	ScopusId = {2-s2.0-85073155391},
	Title = {{TuSoW}: Tuple Spaces for Edge Computing},
	Url = {http://ieeexplore.ieee.org/document/8846916},
	WosId = {000533348400007},
	Year = 2019}

@article{BergentiCMP20,
	author    = {Bergenti, Federico and Caire, Giovanni and Monica, Stefania and Poggi, Agostino},
	title     = {The first twenty years of agent-based software development with {JADE}},
	journal   = {Autonomous Agents and Multi Agent Systems},
	volume    = {34},
	number    = {2},
	pages     = {36},
	year      = {2020},
	_url       = {https://doi.org/10.1007/s10458-020-09460-z},
	doi       = {10.1007/s10458-020-09460-z},
}

@article{lpaas-tplp18,
	Author = {Calegari, Roberta and Denti, Enrico and Mariani, Stefano and Omicini, Andrea},
	Date-Added = {2020-08-06 15:14:23 +0200},
	Date-Modified = {2020-08-06 15:14:23 +0200},
	Doi = {10.1017/S1471068418000364},
	Editor = {Fioretto, Ferdinando and Pontelli, Enrico},
	Journal = {Theory and Practice of Logic Programming},
	Keywords = {logic programming, distributed systems, service-oriented architectures, pervasive systems, intelligent systems, LPaaS, situatedness},
	Month = sep,
	Note = {Special Issue ``Past and Present (and Future) of Parallel and Distributed Computation in (Constraint) Logic Programming''},
	Number = {5-6},
	Pages = {846--873},
	Publisher = {Cambridge University Press},
	Scholarid = {13482792136370336832},
	Scopusid = {2-s2.0-85050006559},
	Title = {Logic Programming as a Service},
	Url = {https://doi.org/10.1017/S1471068418000364},
	Volume = 18,
	Wosid = {000443682000005},
	Year = 2018,
	Bdsk-Url-1 = {https://www.cambridge.org/core/journals/theory-and-practice-of-logic-programming/article/logic-programming-as-a-service/8A8109052E2F9EC177332F36183E80BE},
	Bdsk-Url-2 = {https://doi.org/10.1017/S1471068418000364}}

@article{tuprolog-scp57,
	Author = {Denti, Enrico and Omicini, Andrea and Ricci, Alessandro},
	Date-Added = {2020-08-05 18:23:25 +0200},
	Date-Modified = {2020-08-05 18:23:25 +0200},
	Doi = {10.1016/j.scico.2005.02.001},
	Issn = {0167-6423},
	Journal = {Science of Computer Programming},
	Keywords = {Java; Prolog; Language integration; Reflection; Agent infrastructures},
	Month = aug,
	Number = 2,
	Pages = {217--250},
	Publisher = {Elsevier Science B.V.},
	Scholarid = {11814947363577124615},
	Scopusid = {2-s2.0-21344467290},
	Title = {Multi-paradigm {J}ava-{P}rolog Integration in {{\sf tu}Prolog}},
	Url = {http://www.sciencedirect.com/science/article/pii/S0167642305000158},
	Volume = 57,
	Wosid = {000230801800004},
	Year = 2005,
	Bdsk-Url-1 = {http://www.sciencedirect.com/science/article/pii/S0167642305000158},
	Bdsk-Url-2 = {https://doi.org/10.1016/j.scico.2005.02.001}}

@article{Bagnara2002,
	Author = {Bagnara, Roberto and Carro, Manuel},
	Journal = {ALP Newsletter},
	Month = may,
	Number = 2,
	Title = {Foreign language interfaces for {Prolog}: A terse survey},
	Url = {https://dtai.cs.kuleuven.be/projects/ALP/newsletter/may02/index.html},
	Volume = {15},
	Year = {2002},
	Bdsk-Url-1 = {https://dtai.cs.kuleuven.be/projects/ALP/newsletter/may02/index.html}}

@inproceedings{Oliveira2010,
	Address = {New York, NY, USA},
	Author = {Oliveira, Bruno C.d.S. and Moors, Adriaan and Odersky, Martin},
	Booktitle = {Proceedings of the ACM International Conference on Object Oriented Programming Systems Languages and Applications},
	Doi = {10.1145/1869459.1869489},
	Isbn = {9781450302036},
	Keywords = {scala, type classes, abstract datatypes, c++ concepts},
	Location = {Reno/Tahoe, Nevada, USA},
	Numpages = {20},
	Pages = {341--360},
	Publisher = {Association for Computing Machinery},
	Series = {OOPSLA '10},
	Title = {Type Classes as Objects and Implicits},
	Year = {2010},
	Bdsk-Url-1 = {https://doi.org/10.1145/1869459.1869489}}

@incollection{microintelligencelp-mmasII,
	Author = {Omicini, Andrea and Calegari, Roberta},
	Booktitle = {Massively Multi-Agent Systems II},
	Chapter = 2,
	Date-Added = {2020-07-24 14:49:51 +0200},
	Date-Modified = {2020-07-24 14:49:51 +0200},
	Doi = {10.1007/978-3-030-20937-7_2},
	Editor = {Lin, Donghui and Ishida, Toru and Zambonelli, Franco and Noda, Itsuki},
	Isbn = {978-3-030-20937-7},
	Keywords = {pervasive system, MMAS, micro-intelligence, logic-based, LPaaS},
	Month = may,
	Note = {International Workshop, MMAS 2018, Stockholm, Sweden, July 14, 2018, Revised Selected Papers},
	Pages = {21--35},
	Publisher = {Springer},
	Publonsid = {22195270},
	Scopusid = {2-s2.0-85066143737},
	Series = {Lecture Notes in Computer Science},
	Subseries = {Lecture Notes in Artificial Intelligence},
	Title = {Injecting (Micro)Intelligence in the {IoT}: Logic-based Approaches for {(M)MAS}},
	Url = {http://link.springer.com/10.1007/978-3-030-20937-7_2},
	Volume = 11422,
	Year = 2019,
	Bdsk-Url-1 = {http://link.springer.com/10.1007/978-3-030-20937-7_2},
	Bdsk-Url-2 = {https://doi.org/10.1007/978-3-030-20937-7_2}}

@inbook{Apt2001,
	Author = {Apt, Krzysztof R.},
	Booktitle = {Concepts in Programming Languages},
	Chapter = {15},
	Doi = {10.1017/CBO9780511804175.016},
	Editor = {Mitchell, John C.},
	Pages = {475--508},
	Place = {Cambridge},
	Publisher = {Cambridge University Press},
	Title = {The Logic Programming Paradigm and Prolog},
	Year = {2001},
	Bdsk-Url-1 = {https://doi.org/10.1017/CBO9780511804175.016}}

@article{Kowalski1979,
	Address = {New York, NY, USA},
	Author = {Kowalski, Robert},
	Doi = {10.1145/359131.359136},
	Issn = {0001-0782},
	Issue_Date = {July 1979},
	Journal = {Communication ACM},
	Keywords = {nonprocedural language, relational data structures, logic programming, program specification, programming methodology, control language},
	Month = jul,
	Number = {7},
	Numpages = {13},
	Pages = {424--436},
	Publisher = {Association for Computing Machinery},
	Title = {Algorithm = Logic + Control},
	Volume = {22},
	Year = {1979},
	Bdsk-Url-1 = {https://doi.org/10.1145/359131.359136}}

@article{logictech-information11,
	Articleno = {167},
	Author = {Calegari, Roberta and Ciatto, Giovanni and Denti, Enrico and Omicini, Andrea},
	Doi = {10.3390/info11030167},
	Editor = {Susilo, Willy},
	Irisid = {11585/752671},
	Issn = {2078-2489},
	Journal = {Information},
	Keywords = {symbolic AI; logic-based technologies; intelligent systems},
	Month = mar,
	Note = {Special Issue ``10th Anniversary of Information---Emerging Research Challenges''},
	Number = {3},
	Pages = {1--29},
	Publisher = {MDPI},
	Scholarid = {15744297419438793629},
	Scopusid = {2-s2.0-85082507008},
	Title = {Logic-based Technologies for Intelligent Systems: State of the Art and Perspectives},
	Url = {http://www.mdpi.com/2078-2489/11/3/167},
	Volume = {11},
	Wosid = {000524309400026},
	Year = {2020},
	Bdsk-Url-1 = {http://www.mdpi.com/2078-2489/11/3/167},
	Bdsk-Url-2 = {https://doi.org/10.3390/info11030167}}

@article{lpaas-bdcc2,
	Articleno = 23,
	Author = {Calegari, Roberta and Ciatto, Giovanni and Mariani, Stefano and Denti, Enrico and Omicini, Andrea},
	Doi = {10.3390/bdcc2030023},
	Irisid = {11585/640012},
	Issn-Online = {2504-2289},
	Journal = {Big Data and Cognitive Computing},
	Keywords = {Logic Programming as a Service, IoT, symbolic reasoning},
	Number = 3,
	Numpages = 26,
	Publisher = {MDPI},
	Title = {{LPaaS} as Micro-intelligence: Enhancing {IoT} with Symbolic Reasoning},
	Url = {http://www.mdpi.com/2504-2289/2/3/23},
	Url-Pdf = {http://www.mdpi.com/2504-2289/2/3/23/pdf},
	Volume = 2,
	Year = 2018,
	Bdsk-Url-1 = {http://www.mdpi.com/2504-2289/2/3/23},
	Bdsk-Url-2 = {https://doi.org/10.3390/bdcc2030023}}

@article{2p-alpnews2013,
	Author = {Denti, Enrico and Omicini, Andrea and Calegari, Roberta},
	Journal = {ALP Newsletter},
	Month = oct,
	Publisher = {Association for Logic Programming},
	Title = {{{\sf tu}Prolog}: Making {P}rolog Ubiquitous},
	Url = {http://www.cs.nmsu.edu/ALP/2013/10/tuprolog-making-prolog-ubiquitous/},
	Year = {2013},
	Bdsk-Url-1 = {http://www.cs.nmsu.edu/ALP/2013/10/tuprolog-making-prolog-ubiquitous/}}

@book{lloyd1990computational,
	Editor = {Lloyd, John W.},
	Isbn = {9783642762765},
	Publisher = {Springer},
	Title = {Computational logic},
	Year = {1990}}

@book{Nerode1996,
	Address = {USA},
	Author = {Nerode, Anil and Metakides, G.},
	Isbn = {0444816445},
	Publisher = {Elsevier Science Inc.},
	Title = {Principles of Logic and Logic Programming},
	Year = {1996}}

@inproceedings{ColmerauerR93,
	Author = {Colmerauer, Alain and Roussel, Philippe},
	Bibsource = {dblp computer science bibliography, https://dblp.org},
	Biburl = {https://dblp.org/rec/conf/hopl/ColmerauerR93.bib},
	Booktitle = {History of Programming Languages Conference (HOPL-II)},
	Doi = {10.1145/154766.155362},
	Editor = {Lee, John A. N. and Sammet, Jean E.},
	Month = apr,
	Pages = {37--52},
	Publisher = {{ACM}},
	Timestamp = {Tue, 06 Nov 2018 11:07:33 +0100},
	Title = {The Birth of Prolog},
	Url = {https://doi.org/10.1145/154766.155362},
	Year = {1993},
	Bdsk-Url-1 = {https://doi.org/10.1145/154766.155362}}

@inproceedings{Kowalski1974,
	Author = {Kowalski, Robert A.},
	Bibsource = {dblp computer science bibliography, https://dblp.org},
	Biburl = {https://dblp.org/rec/conf/ifip/Kowalski74.bib},
	Booktitle = {Information Processing, Proceedings of the 6th {IFIP} Congress},
	Editor = {Rosenfeld, Jack L.},
	Month = aug,
	Pages = {569--574},
	Publisher = {North-Holland},
	Timestamp = {Fri, 26 Jul 2019 22:58:47 +0200},
	Title = {Predicate Logic as Programming Language},
	Year = {1974}}

@article{Martelli1982,
	Address = {New York, NY, USA},
	Author = {Martelli, Alberto and Montanari, Ugo},
	Doi = {10.1145/357162.357169},
	Issn = {0164-0925},
	Issue_Date = {April 1982},
	Journal = {ACM Transactions on Programming Languages and Systems},
	Month = apr,
	Number = {2},
	Numpages = {25},
	Pages = {258--282},
	Publisher = {Association for Computing Machinery},
	Title = {An Efficient Unification Algorithm},
	Volume = {4},
	Year = {1982},
	Bdsk-Url-1 = {https://doi.org/10.1145/357162.357169}}

@inproceedings{Clark77,
	Address = {New York},
	Author = {Clark, Keith L.},
	Bibsource = {dblp computer science bibliography, https://dblp.org},
	Biburl = {https://dblp.org/rec/conf/adbt/Clark77.bib},
	Booktitle = {Symposium on Logic and Data Bases},
	Doi = {10.1007/978-1-4684-3384-5\_11},
	Editor = {Gallaire, Herv{\'{e}} and Minker, Jack},
	Pages = {293--322},
	Publisher = {Plemum Press},
	Series = {Advances in Data Base Theory},
	Timestamp = {Mon, 29 Jul 2019 16:00:16 +0200},
	Title = {Negation as Failure},
	Year = {1977},
	Bdsk-Url-1 = {https://doi.org/10.1007/978-1-4684-3384-5%5C_11}}

@incollection{tuprolog-padl01,
	Author = {Denti, Enrico and Omicini, Andrea and Ricci, Alessandro},
	Booktitle = {Practical Aspects of Declarative Languages},
	Doi = {10.1007/3-540-45241-9_13},
	Editor = {Ramakrishnan, I.V.},
	Isbn = {978-3-540-41768-2},
	Isbn-10 = {3-540-41768-0},
	Issn = {0302-9743},
	Issn-Online = {1611-3349},
	Note = {3rd International Symposium (PADL 2001), Las Vegas, NV, USA, 11--12~} # mar # {~2001. Proceedings},
	Pages = {184--198},
	Publisher = {Springer Berlin Heidelberg},
	Series = {Lecture Notes in Computer Science},
	Title = {{{\sf tu}Prolog}: A Light-weight {P}rolog for {I}nternet Applications and Infrastructures},
	Url = {http://link.springer.com/10.1007/3-540-45241-9_13},
	Volume = {1990},
	Year = {2001},
	Bdsk-Url-1 = {http://link.springer.com/10.1007/3-540-45241-9_13},
	Bdsk-Url-2 = {https://doi.org/10.1007/3-540-45241-9_13}}

@book{GammaHelmEtAl95,
	Added-At = {2017-05-27T16:39:41.000+0200},
	Address = {Reading, MA},
	Author = {Gamma, Erich and Helm, Richard and Johnson, Ralph E. and Vlissides, John},
	Biburl = {https://www.bibsonomy.org/bibtex/2052a97f74c181e333e3b52bd7ae70384/flint63},
	File = {eBook:1900-99/GammaHelmEtAl95.pdf:PDF;InformIT Product page:http\://www.informit.com/title/0201633612:URL;Amazon Search inside:http\://www.amazon.de/gp/reader/0201633612/:URL},
	Groups = {public},
	Interhash = {666db7e026c02bfa3e89b7b2772d18a2},
	Intrahash = {052a97f74c181e333e3b52bd7ae70384},
	Isbn = {978-0-201-63361-0},
	Keywords = {01841 105 book shelf software development design pattern oop},
	Publisher = {Addison-Wesley},
	Series = {Addison-Wesley Professional Computing Series},
	Timestamp = {2018-04-16T12:25:23.000+0200},
	Title = {Design Patterns: Elements of Reusable Object-Oriented Software},
	Url = {https://www.safaribooksonline.com/library/view/design-patterns-elements/0201633612/},
	Username = {flint63},
	Year = {1995},
	Bdsk-Url-1 = {https://www.safaribooksonline.com/library/view/design-patterns-elements/0201633612/}}
